<?xml version="1.0" encoding="UTF-8"?><record xmlns="http://www.loc.gov/MARC21/slim" xmlns:cinclude="http://apache.org/cocoon/include/1.0" xmlns:zs="http://www.loc.gov/zing/srw/">
  <leader>00411cz  a2200133n  4500</leader>
  <controlfield tag="001">n 2005084394</controlfield>
  <controlfield tag="003">DLC</controlfield>
  <controlfield tag="005">20051121093754.0</controlfield>
  <controlfield tag="008">051121n| acannaabn          |n aaa      </controlfield>
  <datafield tag="010" ind1=" " ind2=" ">
    <subfield code="a">n 2005084394</subfield>
  </datafield>
  <datafield tag="040" ind1=" " ind2=" ">
    <subfield code="a">DLC</subfield>
    <subfield code="b">eng</subfield>
    <subfield code="c">DLC</subfield>
  </datafield>
  <datafield tag="100" ind1="1" ind2=" ">
    <subfield code="a">Berkes, Imre,</subfield>
    <subfield code="d">1878-1949</subfield>
  </datafield>
  <datafield tag="670" ind1=" " ind2=" ">
    <subfield code="a">His Lipiboki, 2004:</subfield>
    <subfield code="b">t.p. (Berkes Imre)</subfield>
  </datafield>
  <datafield tag="670" ind1=" " ind2=" ">
    <subfield code="a">Magy. eĚletr. lex.</subfield>
    <subfield code="b">(Berkes, Imre; b. Dec. 4, 1878, d. March 17, 1949; editor, novelist)</subfield>
  </datafield>
</record>